@inproceedings{ruan2016finding,
  title={Finding optimists and pessimists on twitter},
  author={Ruan, Xianzhi and Wilson, Steven and Mihalcea, Rada},
  booktitle={Proceedings of the 54th Annual Meeting of the Association for Computational Linguistics (Volume 2: Short Papers)},
  volume={2},
  pages={320--325},
  year={2016}
}

